@manual{mit_injector,
    title     = {Topic 6: Injector Design},
    organization = {MIT Rocket Team},
    year      = {2023},
    howpublished = {\url{https://wikis.mit.edu/confluence/display/RocketTeam/Topic+6%3A+Injector+Design}}
}

@misc{halfcat_mojave,
    title     = {Mojave Sphinx Hybrid Rocket Project},
    author    = {HalfCat Rocketry},
    year      = {2023},
    howpublished = {\url{https://www.halfcatrocketry.com/mojave-sphinx}}
}

@misc{questionable_engineer,
    author    = {Questionable Engineer},
    title     = {Questionable Engineer - Rocket Engine Design and Engineering Channel},
    howpublished = {\url{https://www.youtube.com/@QuestionableEngineer}},
    year      = {2023}
}

@book{huzel1971,
    author    = {Dieter K. Huzel and David H. Huang},
    title     = {Modern Engineering for Design of Liquid Propellant Rocket Engines},
    publisher = {American Institute of Aeronautics and Astronautics (AIAA)},
    year      = {1971},
    series    = {Progress in Astronautics and Aeronautics},
    isbn      = {978-1563470135}
}

@manual{eos_inconel,
    title     = {Material Datasheet - EOS Nickel Alloy IN718},
    organization = {EOS GmbH - Electro Optical Systems},
    year      = {2023},
    howpublished = {\url{https://vetted3d.com/pdf/materials/material_datasheet_eos_nickelalloy_in718_en.pdf}}
}

@article{martinez2020,
    author  = {Martínez-Maradiaga, David and Mishin, Oleg V. and Engelbrecht, Kurt},
    title   = {Thermal Properties of Selectively Laser-Melted AlSi10Mg Products with Different Densities},
    journal = {Journal of Materials Engineering and Performance},
    year    = {2020},
    volume  = {29},
    number  = {11},
    pages   = {7125--7130},
    doi     = {10.1007/s11665-020-05192-z}
}
```  [oai_citation:0‡link.springer.com](https://link.springer.com/article/10.1007/s11665-020-05192-z)
